<?xml version="1.0" encoding="UTF-8"?><collection xmlns="http://www.loc.gov/MARC21/slim"><record><leader>00548nam--2200181-i-4500</leader><controlfield tag="001">000039241</controlfield><controlfield tag="002">20161230</controlfield><controlfield tag="005">20161230201042</controlfield><controlfield tag="008">060222s1000------------r-----000-0-eng-d</controlfield><datafield ind1=" " ind2=" " tag="040"><subfield code="a">IFIN-HH</subfield></datafield><datafield ind1=" " ind2=" " tag="080"><subfield code="a">537.533.3</subfield></datafield><datafield ind1="1" ind2=" " tag="110"><subfield code="a">Radio Corporation Of America</subfield></datafield><datafield ind1="1" ind2="0" tag="245"><subfield code="a">Rca electro-optics handbook</subfield><subfield code="b">A compendium of useful information and tecnical data</subfield></datafield><datafield ind1=" " ind2=" " tag="260"><subfield code="a">Harrison, N.J</subfield><subfield code="b">Rca Comercial Engineering</subfield><subfield code="c">1968</subfield></datafield><datafield ind1=" " ind2=" " tag="300"><subfield code="a">VIII + /PG.DIF.</subfield></datafield><datafield ind1=" " ind2=" " tag="490"><subfield code="a">Technical Series Eoh-10</subfield></datafield><datafield ind1=" " ind2=" " tag="852"><subfield code="a">35377</subfield><subfield code="c">537.533.3</subfield></datafield><datafield ind1=" " ind2=" " tag="CAT"><subfield code="a">Sys</subfield><subfield code="c">20110831</subfield><subfield code="h">163642</subfield></datafield></record></collection>